<?xml version="1.0" encoding="UTF-8"?><record xmlns="http://www.loc.gov/MARC21/slim" xmlns:cinclude="http://apache.org/cocoon/include/1.0" xmlns:zs="http://www.loc.gov/zing/srw/">
  <leader>00760cz  a2200169n  4500</leader>
  <controlfield tag="001">no2012016936</controlfield>
  <controlfield tag="003">DLC</controlfield>
  <controlfield tag="005">20120208075817.0</controlfield>
  <controlfield tag="008">120203n| acannaabn          |a aaa     c</controlfield>
  <datafield tag="010" ind1=" " ind2=" ">
    <subfield code="a">no2012016936</subfield>
  </datafield>
  <datafield tag="035" ind1=" " ind2=" ">
    <subfield code="a">(OCoLC)oca09106106</subfield>
  </datafield>
  <datafield tag="040" ind1=" " ind2=" ">
    <subfield code="a">IlMchBWI</subfield>
    <subfield code="b">eng</subfield>
    <subfield code="c">IlMchBWI</subfield>
    <subfield code="d">IlMchBWI</subfield>
  </datafield>
  <datafield tag="100" ind1="1" ind2=" ">
    <subfield code="a">Louie-Nishikawa, Emi</subfield>
  </datafield>
  <datafield tag="400" ind1="1" ind2=" ">
    <subfield code="a">Nishikawa, Emi Louie-</subfield>
  </datafield>
  <datafield tag="670" ind1=" " ind2=" ">
    <subfield code="a">Tsukirino, Yumi. Fluffy, fluffy Cinnamoroll. 1, 2011:</subfield>
    <subfield code="b">colophon (Emi Louie-Nishikawa; translator)</subfield>
  </datafield>
  <datafield tag="670" ind1=" " ind2=" ">
    <subfield code="a">Her LinkedIn profile, Feb. 3, 2012</subfield>
    <subfield code="b">(Emi Louie-Nishikawa; San Francisco Bay area; Associate brand marketing manager, Pottery Barn Kids at Williams-Sonoma; freelance Japanese-English translator; formerly associate licensing &amp; editorial manager at VIZ Media)</subfield>
  </datafield>
  <datafield tag="675" ind1=" " ind2=" ">
    <subfield code="a">OCLC, Feb. 6, 2012</subfield>
  </datafield>
</record>